<record xmlns="http://www.loc.gov/MARC21/slim" xmlns:xsi="http://www.w3.org/2001/XMLSchema-instance" xsi:schemaLocation="http://www.loc.gov/MARC21/slim http://www.loc.gov/standards/marcxml/schema/MARC21slim.xsd"><leader>02163nam a2200385   4500</leader><controlfield tag="001">001597538</controlfield><controlfield tag="003">NNU</controlfield><controlfield tag="006">m        d        </controlfield><controlfield tag="007">cr cn |||m|||a</controlfield><controlfield tag="008">150223s1968    iq h    ob    000 0 ararc</controlfield><datafield ind1=" " ind2=" " tag="040"><subfield code="a">NNU</subfield><subfield code="b">eng</subfield><subfield code="c">NNU</subfield></datafield><datafield ind1=" " ind2="4" tag="050"><subfield code="a">PJ7755.I1774</subfield><subfield code="b">D5 1968</subfield></datafield><datafield ind1=" " ind2="4" tag="050"><subfield code="a">PJ7755.I1774</subfield><subfield code="b">D5 1968</subfield></datafield><datafield ind1=" " ind2=" " tag="066"><subfield code="c">(3</subfield></datafield><datafield ind1="1" ind2=" " tag="100"><subfield code="6">880-01</subfield><subfield code="a">Ibn al-Dahh&#257;n, &#699;Abd All&#257;h ibn As&#699;ad,</subfield><subfield code="d">1128-1185 or 6</subfield></datafield><datafield ind1="1" ind2="0" tag="245"><subfield code="6">880-02</subfield><subfield code="a">Diw&#257;n Ibn al-Dahh&#257;n Ab&#363; al-Faraj Muhadhab al-D&#299;n &#699;Abd All&#257;h ibn As&#699;ad al-Maw&#7779;il&#299; ; &#7717;aqqaqahu wa-a&#700;adda takm&#299;lahu &#699;Abd All&#257;h al-Jub&#363;r&#299;</subfield><subfield code="h">[electronic resource].</subfield></datafield><datafield ind1="1" ind2=" " tag="246"><subfield code="i">Title on p. [4] of cover:</subfield><subfield code="a">Diwan Ibn al-Dahan al-Mousli, Abdullah ibn Asa&#700;ad Abu al-Faraj Muhdhab al-Din</subfield></datafield><datafield ind1=" " ind2=" " tag="250"><subfield code="6">880-03</subfield><subfield code="a">al-&#7788;ab&#700;ah 1.</subfield></datafield><datafield ind1=" " ind2=" " tag="260"><subfield code="6">880-04</subfield><subfield code="a">Baghd&#257;d :</subfield><subfield code="b">Ma&#7789;ba&#700;at al-Ma&#700;arif,</subfield><subfield code="c">1968.</subfield></datafield><datafield ind1=" " ind2=" " tag="300"><subfield code="a">online resource (279 p.) :</subfield><subfield code="b">facsims.</subfield></datafield><datafield ind1=" " ind2=" " tag="500"><subfield code="a">Part of the Arabic Collections Online (ACO) project, contributed by New York Univeristy Libraries.</subfield></datafield><datafield ind1=" " ind2=" " tag="504"><subfield code="a">Bibliography: p. 242-248.</subfield></datafield><datafield ind1=" " ind2=" " tag="533"><subfield code="a">Electronic reproduction.</subfield><subfield code="b">New York, N.Y. :</subfield><subfield code="c">New York University,</subfield><subfield code="d">2015.</subfield><subfield code="5">NNU</subfield></datafield><datafield ind1="1" ind2=" " tag="700"><subfield code="6">880-05</subfield><subfield code="a">Jub&#363;r&#299;, &#699;Abd All&#257;h</subfield></datafield><datafield ind1="2" ind2=" " tag="710"><subfield code="a">New York University.</subfield><subfield code="b">Libraries.</subfield></datafield><datafield ind1="0" ind2=" " tag="730"><subfield code="a">Arabic Collections Online.</subfield></datafield><datafield ind1="0" ind2="8" tag="776"><subfield code="i">Print version:</subfield><subfield code="a">Ibn al-Dahh&#257;n, &#699;Abd All&#257;h ibn As&#699;ad, 1128-1185 or 6 880-01</subfield><subfield code="t">Diw&#257;n Ibn al-Dahh&#257;n Ab&#363; al-Faraj Muhadhab al-D&#299;n &#699;Abd All&#257;h ibn As&#699;ad al-Maw&#7779;il&#299; ; &#7717;aqqaqahu wa-a&#700;adda takm&#299;lahu &#699;Abd All&#257;h al-Jub&#363;r&#299;</subfield><subfield code="w">(NNU)001597538</subfield><subfield code="w">(DLC)ne 68004296</subfield></datafield><datafield ind1="4" ind2="0" tag="856"><subfield code="u">http://hdl.handle.net/2333.1/ksn02x19</subfield></datafield><datafield ind1="1" ind2=" " tag="880"><subfield code="6">100-01/</subfield><subfield code="a">&#1575;&#1576;&#1606; &#1575;&#1604;&#1584;&#1607;&#1575;&#1606;&#1548; &#1593;&#1576;&#1583; &#1575;&#1604;&#1604;&#1607; &#1576;&#1606; &#1575;&#1587;&#1593;&#1583;.</subfield></datafield><datafield ind1="1" ind2="0" tag="880"><subfield code="6">245-02/</subfield><subfield code="a">&#1583;&#1610;&#1608;&#1575;&#1606; &#1575;&#1576;&#1606; &#1575;&#1604;&#1583;&#1607;&#1575;&#1606; &#1571;&#1576;&#1608; &#1575;&#1604;&#1601;&#1585;&#1580; &#1605;&#1607;&#1584;&#1576; &#1575;&#1604;&#1583;&#1610;&#1606; &#1593;&#1576;&#1583; &#1575;&#1604;&#1604;&#1607; &#1576;&#1606; &#1571;&#1587;&#1593;&#1583; &#1575;&#1604;&#1605;&#1608;&#1589;&#1604;&#1610; &#1563; &#1581;&#1602;&#1602;&#1607; &#1608;&#1571;&#1593;&#1583; &#1578;&#1603;&#1605;&#1604;&#1578;&#1607; &#1593;&#1576;&#1583; &#1575;&#1604;&#1604;&#1607; &#1575;&#1604;&#1580;&#1576;&#1608;&#1585;&#1610;.</subfield></datafield><datafield ind1=" " ind2=" " tag="880"><subfield code="6">250-03/</subfield><subfield code="a">&#1575;&#1604;&#1591;&#1576;&#1593;&#1577; &#1633;.</subfield></datafield><datafield ind1=" " ind2=" " tag="880"><subfield code="6">260-04/</subfield><subfield code="a">&#1576;&#1594;&#1583;&#1575;&#1583; :</subfield><subfield code="b">&#1605;&#1591;&#1576;&#1593;&#1577; &#1575;&#1604;&#1605;&#1593;&#1575;&#1585;&#1601;&#1548;</subfield><subfield code="c">&#1633;&#1641;&#1638;&#1640;.</subfield></datafield><datafield ind1="1" ind2=" " tag="880"><subfield code="6">700-05/</subfield><subfield code="a">&#1580;&#1576;&#1608;&#1585;&#1610;&#1548; &#1593;&#1576;&#1583; &#1575;&#1604;&#1604;&#1607;.</subfield></datafield><datafield ind1=" " ind2=" " tag="959"><subfield code="a">NNU</subfield><subfield code="b">WEB</subfield><subfield code="c">GENI</subfield><subfield code="t">0</subfield><subfield code="m">Electronic access</subfield><subfield code="s">01</subfield></datafield><datafield ind1=" " ind2=" " tag="999"><subfield code="i">NNU_001597538</subfield><subfield code="s">nyu_aco000368</subfield><subfield code="e">(ERROR-880)</subfield></datafield></record>